<?xml version="1.0" encoding="UTF-8"?><collection xmlns="http://www.loc.gov/MARC21/slim"><record><leader>00423nam--2200169-i-4500</leader><controlfield tag="001">000003196</controlfield><controlfield tag="002">20161230</controlfield><controlfield tag="005">20170114164509</controlfield><controlfield tag="008">060222s1000------------r-----000-0-eng-d</controlfield><datafield ind1=" " ind2=" " tag="080"><subfield code="a">331</subfield></datafield><datafield ind1=" " ind2=" " tag="100"><subfield code="a">Bezier, D</subfield></datafield><datafield ind1=" " ind2=" " tag="245"><subfield code="a">Rapid detection of cations. Authorized translation</subfield></datafield><datafield ind1=" " ind2=" " tag="260"><subfield code="a">London</subfield><subfield code="b">Thames And Hudson</subfield><subfield code="c">1955</subfield></datafield><datafield ind1=" " ind2=" " tag="300"><subfield code="a">92 p</subfield></datafield><datafield ind1=" " ind2=" " tag="700"><subfield code="a">Oesper, Ralph E</subfield></datafield><datafield ind1=" " ind2=" " tag="852"><subfield code="a">12773</subfield></datafield><datafield ind1=" " ind2=" " tag="CAT"><subfield code="a">SYS</subfield><subfield code="c">20170114</subfield><subfield code="h">164509</subfield></datafield></record></collection>